<record><leader>00000cas a2200000 a 4500</leader><controlfield tag="001">10195931</controlfield><controlfield tag="008">831207c19569999nbuwr ne      0   a0eng d</controlfield><datafield ind1=" " ind2=" " tag="010"><subfield code="a">sn 83005355 </subfield></datafield><datafield ind1=" " ind2=" " tag="040"><subfield code="a">NSD</subfield><subfield code="b">eng</subfield><subfield code="c">NSD</subfield><subfield code="d">DLC</subfield><subfield code="d">NVG</subfield><subfield code="d">OCL</subfield><subfield code="d">OCLCQ</subfield><subfield code="d">OCLCF</subfield><subfield code="d">OCLCO</subfield></datafield><datafield ind1=" " ind2=" " tag="012"><subfield code="l">1</subfield><subfield code="m">1</subfield></datafield><datafield ind1="1" ind2=" " tag="022"><subfield code="a">0746-6439</subfield><subfield code="l">0746-6439</subfield><subfield code="2">1</subfield></datafield><datafield ind1="1" ind2=" " tag="029"><subfield code="a">AU@</subfield><subfield code="b">000020412282</subfield></datafield><datafield ind1=" " ind2=" " tag="032"><subfield code="a">010100</subfield><subfield code="b">USPS</subfield></datafield><datafield ind1=" " ind2=" " tag="037"><subfield code="b">Ainsworth Star-Journal, 327 North Main, P.O. Box 145, Ainsworth, NE 69210</subfield></datafield><datafield ind1=" " ind2=" " tag="042"><subfield code="a">nsdp</subfield></datafield><datafield ind1=" " ind2="0" tag="222"><subfield code="a">Ainsworth star-journal</subfield></datafield><datafield ind1="0" ind2="0" tag="245"><subfield code="a">Ainsworth star-journal.</subfield></datafield><datafield ind1="1" ind2="3" tag="246"><subfield code="a">Star-journal</subfield></datafield><datafield ind1="1" ind2="3" tag="246"><subfield code="a">Ainsworth star-journal and Brown County Democrat</subfield><subfield code="f">July 12-Oct. 4, 1956</subfield></datafield><datafield ind1=" " ind2=" " tag="260"><subfield code="a">Ainsworth, Neb. :</subfield><subfield code="b">Robert H. and Gwyneth L. Tyler,</subfield><subfield code="c">1956-</subfield></datafield><datafield ind1=" " ind2=" " tag="310"><subfield code="a">Weekly</subfield></datafield><datafield ind1="0" ind2=" " tag="362"><subfield code="a">Vol. 74, no. 2 (July 12, 1956)-</subfield></datafield><datafield ind1=" " ind2=" " tag="580"><subfield code="a">Companion of: Sandhiller, Feb. 4-Sept. 8, 1960.</subfield></datafield><datafield ind1=" " ind2="0" tag="651"><subfield code="a">Ainsworth (Neb.)</subfield><subfield code="v">Newspapers.</subfield></datafield><datafield ind1=" " ind2="7" tag="655"><subfield code="a">Newspapers.</subfield><subfield code="2">fast</subfield><subfield code="0">(OCoLC)fst01423814</subfield></datafield><datafield ind1=" " ind2="7" tag="651"><subfield code="a">Nebraska</subfield><subfield code="z">Ainsworth.</subfield><subfield code="2">fast</subfield><subfield code="0">(OCoLC)fst01275961</subfield></datafield><datafield ind1=" " ind2=" " tag="752"><subfield code="a">United States</subfield><subfield code="b">Nebraska</subfield><subfield code="c">Brown</subfield><subfield code="d">Ainsworth.</subfield></datafield><datafield ind1="0" ind2="0" tag="780"><subfield code="t">Ainsworth star-journal and Brown County Democrat</subfield></datafield><datafield ind1="1" ind2=" " tag="787"><subfield code="a">Sandhiller</subfield></datafield><datafield ind1=" " ind2=" " tag="936"><subfield code="a">Nov. 17, 1983</subfield></datafield></record>